@online{yinwang2013,
    author={王垠},
    year={2013},
    title={谈Linux, Windows 和 Mac},
    language={zh},
    url={http://www.yinwang.org/blog-cn/2013/03/07/linux-windows-mac}
}
@book{lamport1994latex,
  author={Leslie Lamport},
  title={\LaTeX{} A Document Preparation System: User's Guide and Reference Manual},
  year={1994},
  edition={2},
  address={Reading, Massachusetts},
  publisher={Addison-Wesley},
}

@book{takeuti1973,
  title={Axiomatic Set Theory},
  author={Gaisi Takeuti and Wilson M. Zaring},
  series={Graduate Texts in Mathematics},
  volume={8},
  editor={P. R. Halmos},
  address={Berlin},
  publisher={Springer-Verlag},
  year={1973},
}
@book{TAOCP-Vol3,
  author={Donald E. Knuth},
  title={Sorting and Searching},
  series={The Art of Computer Programming},
  volume={3},
  edition={2},
  address={New York},
  publisher={Addison-Wesley Publishers Ltd},
  year={1998},
}
@book{zh-book-1,
  author={余敏 and 刘华},
  title={出版集团研究},
  address={北京},
  year={2001},
  pages={179--193},
  language={zh},
}

@book{anwen1988,
  author={昂温, G. and 昂温, P. S.},
  title={外国出版史},
  translator={陈生铮},
  address={北京},
  publisher={中国书籍出版社},
  year={1988},
  language={zh},
}

@book{anwen1988b,
  author={昂温, G. and 昂温, P. S.},
  title={美国独立战争},
  series={世界历史丛书},
  editor={张三 and 李四},
  translator={陈生铮},
  address={北京},
  publisher={中国书籍出版社},
  year={1988},
  citedate={2013-08-30},
  url={http://www.google.com/},
  language={zh},
}

@proceedings{a2-1,
  editor={{中国力学学会}},
  title={第3届全国实验流体力学学术会议论文集},
  address={天津},
  year={1990},
  language={zh},
}

@proceedings{a2-2,
  editor={Rosenthall, E. M.},
  title={Proceedings of the Fifth Canadian Mathematical Congress,
                  University of Montreal, 1961},
  address={Toronto},
  publisher={University of Toronto Press},
  year={1963},
}


@inproceedings{nonlinear1996,
  author={钟文发},
  title={非线性规划在可燃毒物配置中的应用},
  editor ={赵玮},
  booktitle={运筹学的理论与应用：中国运筹学会第五届大会论文集},
  address={西安},
  publisher={西安电子科技大学出版社},
  year={1996},
  pages={468-471},
  language={zh},
}

@inproceedings{fourney1971,
  author={Fourney M. E.},
  title={Advances in holographic photoelasticity},
  editor={{American Society of Mechanical Engineers,
           Applied Mechanics Division}},
  booktitle={Symposium on Applications of Holography in Mechanics,
             August 23--25, 1971, University of Southern California,
             Los Angeles, California},
  address={New York},
  publisher={ASME},
  year={c1971},
  pages={17-38},
}

@inproceedings{aczel1998,
  author={Peter Aczel},
  title={On relating type theories and set theories},
  booktitle={Types `98, the proceedings of the 1998 workshop
             on Types for Proofs and Programs},
  year={1998},
  editor={T. Altenkirch and W. Naraschewski and B. Reus},
  volume={1657},
  series={Lecture Notes in Computer Science},
  pages={1-18},
  address={Kloster Irsee},
  publisher={Springer},
}

@article{kanamori1998,
  author={Kanamori, H.},
  title={Shaking without quaking},
  journal={Science},
  year={1998},
  volume={279},
  number={5359},
  pages={2063-2064},
}

@article{caplan1993,
  author={Caplan, P.},
  title={Cataloging internet resources},
  journal={The Public Access Computer Systems Review},
  year={1993},
  volume={4},
  number={2},
  pages={61-66},
}

@article{christine1998,
  author={Christine, M.},
  title={Plant physiology: plant biology in the Genome Era},
  journal={Science},
  year={1998},
  volume={281},
  pages={331-332},
  url={http://www.sciencemag.org/cgi/collection/anatmorp},
  citedate={1998-09-23},
}

@article{lixiaodong1999,
  author={李晓东 and 张庆红 and 叶瑾琳},
  title={气候学研究的若干理论问题},
  journal={北京大学学报: 自然科学版},
  year={1999},
  volume={35},
  number={1},
  pages={101-106},
  language={zh},
}


@phdthesis{1-5,
  author={孙玉文},
  title={汉语变调构词研究},
  address={北京},
  school={北京大学中文系},
  year={2000},
  language={zh},
}

@masterthesis{a4-1,
  author={张志祥},
  title={间断动力系统的随机扰动及其在守恒律方程中的应用},
  address={南京},
  school={南京大学数学学院},
  year={1998},
  language={zh},
}

@phdthesis{a4-2,
  author={Calms, R. B.},
  title={Infrared spectroscopic studies on solid oxygen},
  address={Berkeley},
  school={University of California},
  year={1965},
}

@PHDTHESIS{Anderson1993,
  author={Penny Anderson},
  title={Program Derivation by Proof Transformation},
  address={Pittsburgh, USA},
  school={Carnegie Mellon University},
  year={1993},
  citedate={2007-11-02},
  url={http://citeseer.nj.nec.com/anderson93program.html},
}

@online{pacs1989,
  title={PACS-L: the public-access computer systems forum},
  address={Houston, Tex},
  publisher={University of Houston Libraries},
  year={1989},
  url={http://info.lib.uh.edu/pacsl.html},
  citedate={1995-05-17},
}

@online{oclc2000,
  author={{Online Computer Library Center, Inc.}},
  title={History of OCLC},
  url={http://www.oclc.org/about/history/default.htm},
  citedate={2000-01-08},
}

@online{chuban2001,
  author={萧钰},
  title={出版业信息化迈入快车道},
  modifydate={2001-12-19},
  url={http://www.creader.com/news/20011219/200112190019.html},
  citedate={2002-04-15},
  langauge={zh},
}

@online{h7n9,
  author={张乐},
  title={我科学家成功研发人感染H7N9禽流感病毒疫苗株},
  address={北京},
  publisher={人民网},
  year={2013},
  modifydate={2013-10-27},
  url={http://society.people.com.cn/n/2013/1027/c1008-23337665.html},
  citedate={2013-10-27},
  langauge={zh},
}

@webpage{wikipedia_moores_law,
  title = {{Moore's law}},
  author = {{Wikipedia contributors}},
  publisher = {Wikipedia, The Free Encyclopedia},
  year = {2015},
  url = {https://en.wikipedia.org/wiki/Moore%27s_law},
  modifydate = {2015/06/14},
  citedate = {2015/06/15}
}

@patent{p6915001,
  author={Tachibana, R. and Shimizu, S.
          and Kobayshi, S. and Other Authors},
  title={Electronic watermarking method and system},
  country={US},
  patentid={6,915,001},
  date={2002-04-25},
}

@patent{p8284102,
  author={Koseki, A. and Momose, H.
          and Kawahito, M. and Other Authors},
  title={Compiler},
  country={US},
  patentid={8,284,102},
  date={2002-05-25},
}

@patent{p88105607.3,
  author={姜锡洲},
  title={一种温热外敷药制备方案},
  country={中国},
  patentid={88105607.3},
  date={1989-07-26},
  langauge={zh},
}

@patent{p01128777.2,
  author={{西安电子科技大学}},
  title={光折变自适应光外差探测方法},
  country={中国},
  patentid={01128777.2},
  date={2002-03-06},
  langauge={zh},
}

@patent{p92214985.2,
  author={刘加林},
  title={多功能一次性压舌板},
  country={中国},
  patentid={92214985.2},
  date={1993-04-14},
  language={zh},
}

@patent{p01129210.5,
  author={{河北绿洲生态环境科技有限公司}},
  title={一种荒漠化地区生态植被综合培育种植方法},
  country={中国},
  patentid={01129210.5},
  date={2001-10-24},
  language={zh},
}

@program{scheduler1983,
  title={Project scheduler},
  address={Sunnyvale, Calif.},
  publisher={Scitor Corporation},
  year={c1983},
  media={DK},
}

@program{njuthesis,
  author={胡海星},
  title={南京大学学位论文模板},
  year={2013},
  citedate={2013-08-31},
  url={https://github.com/Haixing-Hu/nju-thesis},
  language={zh},
}

@manual{ipad,
  author={{Apple Inc}},
  title={iPad User Manual},
  address={Cupertino},
  publisher={Apple Inc},
  year={2008},
}

@manual{keynotes09,
  author={{Apple Inc}},
  title={Keynote'09 使用手册},
  address={Cupertino},
  publisher={Apple Inc},
  year={2009},
  language={zh},
}

@unpublished{bove2002,
  author = {Ana Bove and Venanzio Capretta},
  title = {Modelling General Recursion in Type Theory},
  year = {2002},
  citedate={2007-10-11},
  url = {http://citeseer.nj.nec.com/bove02modelling.html},
}

@newspaper{renminribao,
  editor={{人民日报编辑部}},
  title={人民日报},
  year={2011},
  volume={22892},
  address={北京},
  publisher={人民日报出版社},
  language={zh},
}

@webpage{dubash2010,
  title = {{Moore's Law is dead, says Gordon Moore}},
  author = {Manek Dubash},
  publisher = {Techworld},
  year = {2010},
  url = {www.techworld.com/news/operating-systems/moores-law-is-dead-says-gordon-moore-3576581/},
  modifydate={2010/4/13},
}
